<?xml version="1.0" encoding="UTF-8"?><record xmlns="http://www.loc.gov/MARC21/slim" xmlns:cinclude="http://apache.org/cocoon/include/1.0" xmlns:zs="http://www.loc.gov/zing/srw/">
  <leader>00539nz  a2200157n  4500</leader>
  <controlfield tag="001">nb2010028077</controlfield>
  <controlfield tag="003">DLC</controlfield>
  <controlfield tag="005">20101023075427.0</controlfield>
  <controlfield tag="008">101021n| acannaabn          |a aaa      </controlfield>
  <datafield tag="010" ind1=" " ind2=" ">
    <subfield code="a">nb2010028077</subfield>
  </datafield>
  <datafield tag="035" ind1=" " ind2=" ">
    <subfield code="a">(Uk)007952095</subfield>
  </datafield>
  <datafield tag="040" ind1=" " ind2=" ">
    <subfield code="a">Uk</subfield>
    <subfield code="b">eng</subfield>
    <subfield code="c">Uk</subfield>
  </datafield>
  <datafield tag="100" ind1="1" ind2=" ">
    <subfield code="a">Conder, G. W.</subfield>
    <subfield code="q">(George William)</subfield>
  </datafield>
  <datafield tag="400" ind1="1" ind2=" ">
    <subfield code="a">Conder, George William</subfield>
  </datafield>
  <datafield tag="670" ind1=" " ind2=" ">
    <subfield code="a">An essay on intellectual culture, delivered before the Wycombe Literary Institute, 1846:</subfield>
    <subfield code="b">t.p. (G.W. Conder)</subfield>
  </datafield>
  <datafield tag="670" ind1=" " ind2=" ">
    <subfield code="a">British Library database, 21 Oct. 2010</subfield>
    <subfield code="b">(old hdg.: Conder, George William)</subfield>
  </datafield>
</record>